
@article{chen2017efficient,
  title={Efficient Vector Representation for Documents Through Corruption},
  author={Chen, Minmin},
  journal={5th International Conference on Learning Representations},
  year={2017}
}

